<record><leader>00000cas a2200000Ia 4500</leader><controlfield tag="001">22515272</controlfield><controlfield tag="008">901015d192319uukyuuu ne      0    0eng d</controlfield><datafield ind1=" " ind2=" " tag="010"><subfield code="a">sn 90099417 </subfield></datafield><datafield ind1=" " ind2=" " tag="040"><subfield code="a">KNP</subfield><subfield code="b">eng</subfield><subfield code="c">KNP</subfield><subfield code="d">OCLCQ</subfield><subfield code="d">OCLCG</subfield><subfield code="d">OCLCQ</subfield><subfield code="d">OCLCF</subfield><subfield code="d">OCLCO</subfield></datafield><datafield ind1=" " ind2=" " tag="043"><subfield code="a">n-us-ky</subfield></datafield><datafield ind1="0" ind2="0" tag="245"><subfield code="a">Democratic facts.</subfield></datafield><datafield ind1=" " ind2=" " tag="260"><subfield code="a">Louisville, Ky. :</subfield><subfield code="b">[Democratic] State Headquarters</subfield></datafield><datafield ind1=" " ind2=" " tag="300"><subfield code="a">v. :</subfield><subfield code="b">ill.</subfield></datafield><datafield ind1=" " ind2=" " tag="500"><subfield code="a">"Presented by the Advocates of Alben W. Barkley for Governor of Kentucky."</subfield></datafield><datafield ind1=" " ind2=" " tag="588"><subfield code="a">Description based on: July, 1923.</subfield></datafield><datafield ind1="1" ind2="0" tag="600"><subfield code="a">Barkley, Alben William,</subfield><subfield code="d">1877-1956.</subfield></datafield><datafield ind1="2" ind2="0" tag="610"><subfield code="a">Democratic Party (Ky.)</subfield><subfield code="v">Newspapers.</subfield></datafield><datafield ind1=" " ind2="0" tag="650"><subfield code="a">Governors</subfield><subfield code="z">Kentucky</subfield><subfield code="x">Election</subfield><subfield code="v">Newspapers.</subfield></datafield><datafield ind1=" " ind2="4" tag="651"><subfield code="a">Kentucky</subfield><subfield code="v">Newspapers.</subfield></datafield><datafield ind1=" " ind2="7" tag="655"><subfield code="a">Newspapers.</subfield><subfield code="2">fast</subfield><subfield code="0">(OCoLC)fst01423814</subfield></datafield><datafield ind1="1" ind2="7" tag="600"><subfield code="a">Barkley, Alben William,</subfield><subfield code="d">1877-1956.</subfield><subfield code="2">fast</subfield><subfield code="0">(OCoLC)fst00035952</subfield></datafield><datafield ind1="2" ind2="7" tag="610"><subfield code="a">Democratic Party (Ky.)</subfield><subfield code="2">fast</subfield><subfield code="0">(OCoLC)fst00604413</subfield></datafield><datafield ind1=" " ind2="7" tag="650"><subfield code="a">Governors</subfield><subfield code="x">Election.</subfield><subfield code="2">fast</subfield><subfield code="0">(OCoLC)fst00945712</subfield></datafield><datafield ind1=" " ind2="7" tag="651"><subfield code="a">Kentucky.</subfield><subfield code="2">fast</subfield><subfield code="0">(OCoLC)fst01204494</subfield></datafield><datafield ind1="2" ind2=" " tag="710"><subfield code="a">Democratic Party (Ky.)</subfield></datafield><datafield ind1=" " ind2=" " tag="752"><subfield code="a">United States</subfield><subfield code="b">Kentucky.</subfield></datafield></record>